<?xml version="1.0" encoding="UTF-8"?>
<collection
  xmlns:xsi="http://www.w3.org/2001/XMLSchema-instance"
  xsi:schemaLocation="http://www.loc.gov/MARC21/slim http://www.loc.gov/standards/marcxml/schema/MARC21slim.xsd"
  xmlns="http://www.loc.gov/MARC21/slim">

<record>
  <leader>01570nam a2200433   4500</leader>
  <controlfield tag="001">ck8802793</controlfield>
  <controlfield tag="003">CZ PrNK</controlfield>
  <controlfield tag="005">20230503105740.0</controlfield>
  <controlfield tag="007">tu</controlfield>
  <controlfield tag="008">880517s1988    xr a   e      000 j cze  </controlfield>
  <datafield tag="015" ind1=" " ind2=" ">
    <subfield code="a">cnb000037638</subfield>
  </datafield>
  <datafield tag="020" ind1=" " ind2=" ">
    <subfield code="q">(Brož.) :</subfield>
    <subfield code="c">Kčs 14,00</subfield>
  </datafield>
  <datafield tag="035" ind1=" " ind2=" ">
    <subfield code="a">(OCoLC)39416953</subfield>
  </datafield>
  <datafield tag="040" ind1=" " ind2=" ">
    <subfield code="a">ABA001</subfield>
    <subfield code="b">cze</subfield>
    <subfield code="d">ABA001</subfield>
  </datafield>
  <datafield tag="041" ind1="1" ind2=" ">
    <subfield code="a">cze</subfield>
    <subfield code="h">rus</subfield>
  </datafield>
  <datafield tag="072" ind1=" " ind2="7">
    <subfield code="a">821.161.1</subfield>
    <subfield code="x">Ruská literatura, rusky psaná</subfield>
    <subfield code="2">Konspekt</subfield>
    <subfield code="9">25</subfield>
  </datafield>
  <datafield tag="080" ind1=" " ind2=" ">
    <subfield code="a">821.161.1-32</subfield>
    <subfield code="2">MRF</subfield>
  </datafield>
  <datafield tag="080" ind1=" " ind2=" ">
    <subfield code="a">94(470.23)”1941/1944”</subfield>
    <subfield code="2">MRF</subfield>
  </datafield>
  <datafield tag="080" ind1=" " ind2=" ">
    <subfield code="a">94(100)"1939/1945"</subfield>
    <subfield code="2">MRF</subfield>
  </datafield>
  <datafield tag="080" ind1=" " ind2=" ">
    <subfield code="a">(0:82-32)</subfield>
    <subfield code="2">MRF</subfield>
  </datafield>
  <datafield tag="100" ind1="1" ind2=" ">
    <subfield code="a">Rozen, Aleksandr Germanovič,</subfield>
    <subfield code="d">1910-1978</subfield>
    <subfield code="7">xx0029656</subfield>
    <subfield code="4">aut</subfield>
  </datafield>
  <datafield tag="245" ind1="1" ind2="0">
    <subfield code="a">Střepina v hrudi /</subfield>
    <subfield code="c">Alexandr Rozen ; [z ruského originálu ... přeložil Jiří Bagár ; ilustrovala Věra Klimtová]</subfield>
  </datafield>
  <datafield tag="250" ind1=" " ind2=" ">
    <subfield code="a">2. vyd.</subfield>
  </datafield>
  <datafield tag="260" ind1=" " ind2=" ">
    <subfield code="a">Praha :</subfield>
    <subfield code="b">Práce,</subfield>
    <subfield code="c">1988</subfield>
    <subfield code="f">(Mír 1)</subfield>
  </datafield>
  <datafield tag="300" ind1=" " ind2=" ">
    <subfield code="a">203 s. :</subfield>
    <subfield code="b">il. ;</subfield>
    <subfield code="c">23 cm</subfield>
  </datafield>
  <datafield tag="490" ind1="1" ind2=" ">
    <subfield code="a">Románové novinky</subfield>
  </datafield>
  <datafield tag="500" ind1=" " ind2=" ">
    <subfield code="a">28000 výt.</subfield>
  </datafield>
  <datafield tag="500" ind1=" " ind2=" ">
    <subfield code="a">Ilustr. tit. list</subfield>
  </datafield>
  <datafield tag="500" ind1=" " ind2=" ">
    <subfield code="a">Obálku navrhl a graficky upravil Oldřich Pošmurný</subfield>
  </datafield>
  <datafield tag="650" ind1="0" ind2="7">
    <subfield code="a">obléhání Leningradu (1941-1944 : Petrohrad, Rusko)</subfield>
    <subfield code="7">ph249644</subfield>
    <subfield code="2">czenas</subfield>
  </datafield>
  <datafield tag="650" ind1="0" ind2="7">
    <subfield code="a">druhá světová válka (1939-1945)</subfield>
    <subfield code="7">ph117270</subfield>
    <subfield code="2">czenas</subfield>
  </datafield>
  <datafield tag="655" ind1=" " ind2="7">
    <subfield code="a">ruské povídky</subfield>
    <subfield code="7">fd133318</subfield>
    <subfield code="2">czenas</subfield>
  </datafield>
  <datafield tag="700" ind1="1" ind2=" ">
    <subfield code="a">Bagár, Jura</subfield>
    <subfield code="7">jk01010541</subfield>
    <subfield code="4">trl</subfield>
  </datafield>
  <datafield tag="700" ind1="1" ind2=" ">
    <subfield code="a">Klimtová, Věra</subfield>
    <subfield code="4">ill</subfield>
  </datafield>
  <datafield tag="765" ind1="0" ind2=" ">
    <subfield code="t">Oskolok v serdce</subfield>
    <subfield code="9">Česky</subfield>
  </datafield>
  <datafield tag="830" ind1=" " ind2="0">
    <subfield code="a">Románové novinky (Práce)</subfield>
  </datafield>
  <datafield tag="856" ind1="4" ind2="1">
    <subfield code="u">https://ndk.cz/uuid/uuid:880787e0-320d-11ea-b0e3-005056827e52</subfield>
    <subfield code="y">Digitalizovaný dokument</subfield>
  </datafield>
  <datafield tag="910" ind1=" " ind2=" ">
    <subfield code="a">ABA001</subfield>
  </datafield>
  <datafield tag="998" ind1=" " ind2=" ">
    <subfield code="a">000037638</subfield>
  </datafield>
</record>

</collection>